<record><leader>00000cas a22000007a 4500</leader><controlfield tag="001">25937037</controlfield><controlfield tag="008">920604d19751981mouwr ne      0    0eng d</controlfield><datafield ind1=" " ind2=" " tag="010"><subfield code="a">sn 92058878 </subfield></datafield><datafield ind1=" " ind2=" " tag="040"><subfield code="a">MQN</subfield><subfield code="b">eng</subfield><subfield code="c">MQN</subfield><subfield code="d">OCLCQ</subfield></datafield><datafield ind1=" " ind2=" " tag="042"><subfield code="a">msc</subfield></datafield><datafield ind1="0" ind2=" " tag="130"><subfield code="a">Raytown news (Raytown, Mo. : 1975)</subfield></datafield><datafield ind1="1" ind2="0" tag="245"><subfield code="a">Raytown news.</subfield></datafield><datafield ind1=" " ind2=" " tag="260"><subfield code="a">Raytown, Mo. :</subfield><subfield code="b">Townsend Communications,</subfield><subfield code="c">1975-1981.</subfield></datafield><datafield ind1=" " ind2=" " tag="300"><subfield code="a">v.</subfield></datafield><datafield ind1=" " ind2=" " tag="310"><subfield code="a">Weekly</subfield></datafield><datafield ind1="0" ind2=" " tag="362"><subfield code="a">Vol. 48, no. 44 (Oct. 2, 1975)-v. 55, no. 4 (Nov. 4, 1981).</subfield></datafield><datafield ind1=" " ind2=" " tag="752"><subfield code="a">United States</subfield><subfield code="b">Missouri</subfield><subfield code="c">Jackson</subfield><subfield code="d">Raytown.</subfield></datafield><datafield ind1="0" ind2="0" tag="780"><subfield code="t">Raytown news-tribune</subfield><subfield code="w">(DLC)sn 92058877</subfield></datafield><datafield ind1="0" ind2="0" tag="785"><subfield code="t">Raytown dispatch</subfield><subfield code="w">(DLC)sn 90061952</subfield></datafield></record>